% Файл библиографии для списка использованных источников

@misc{sqlite_lib,
    title = {Документация библиотеки sqlite3 [Электронный ресурс]},
    url = {https://www.sqlite.org/cintro.html},
    urldate = {2024-11-22}
}
