% Файл библиографии для списка использованных источников

@misc{cpr_lib,
    title = "Документация библиотеки cpr [Электронный ресурс]",
    url = {https://docs.libcpr.org/},
    urldate = {2024-10-29}
}

@misc{regex_lib,
    title = {Документация библиотеки regex [Электронный ресурс]},
    url = {https://learn.microsoft.com/ru-ru/cpp/standard-library/regular-expressions-cpp?view=msvc-170},
    urldate = {2024-10-29}
}
